@article{Bloom70,
  author       = {Burton H. Bloom},
  title        = {Space/Time Trade-offs in Hash Coding with Allowable Errors},
  journal      = {Commun. {ACM}},
  volume       = {13},
  number       = {7},
  pages        = {422--426},
  year         = {1970},
  url          = {https://doi.org/10.1145/362686.362692},
}

@inproceedings{DurrEMM18,
  author       = {Christoph D{\"{u}}rr and
                  Thomas Erlebach and
                  Nicole Megow and
                  Julie Mei{\ss}ner},
  title        = {Scheduling with Explorable Uncertainty},
  booktitle    = {9th Innovations in Theoretical Computer Science Conference, {ITCS}
                  2018, January 11-14, 2018, Cambridge, MA, {USA}},
  series       = {LIPIcs},
  volume       = {94},
  pages        = {30:1--30:14},
  publisher    = {Schloss Dagstuhl - Leibniz-Zentrum f{\"{u}}r Informatik},
  year         = {2018},
  url          = {https://doi.org/10.4230/LIPIcs.ITCS.2018.30},
}

@inproceedings{Kahan91,
  author       = {Simon Kahan},
  title        = {A Model for Data in Motion},
  booktitle    = {Proceedings of the 23rd Annual {ACM} Symposium on Theory of Computing,
                  May 5-8, 1991, New Orleans, Louisiana, {USA}},
  pages        = {267--277},
  publisher    = {{ACM}},
  year         = {1991},
  url          = {https://doi.org/10.1145/103418.103449},
}

@inproceedings{LykourisV18,
  author       = {Thodoris Lykouris and
                  Sergei Vassilvitskii},
  title        = {Competitive Caching with Machine Learned Advice},
  booktitle    = {Proceedings of the 35th International Conference on Machine Learning,
                  {ICML} 2018, Stockholmsm{\"{a}}ssan, Stockholm, Sweden, July
                  10-15, 2018},
  series       = {Proceedings of Machine Learning Research},
  volume       = {80},
  pages        = {3302--3311},
  publisher    = {{PMLR}},
  url          = {http://proceedings.mlr.press/v80/lykouris18a.html},
}