@incollection{lenstra1977complexity,
  title={Complexity of machine scheduling problems},
  author={Lenstra, Jan Karel and Kan, AHG Rinnooy and Brucker, Peter},
  booktitle={Annals of discrete mathematics},
  volume={1},
  pages={343--362},
  year={1977}
}

@article{bruno1974scheduling,
  title={Scheduling independent tasks to reduce mean finishing time},
  author={Bruno, James and Coffman Jr, Edward G and Sethi, Ravi},
  journal={Communications of the ACM},
  volume={17},
  number={7},
  pages={382--387},
  year={1974}
}

@article{simons1983multiprocessor,
  title={Multiprocessor scheduling of unit-time jobs with arbitrary release times and deadlines},
  author={Simons, Barbara},
  journal={SIAM Journal on Computing},
  volume={12},
  number={2},
  pages={294--299},
  year={1983}
}

@article{bellenguez2015note,
  title={A note on NP NP-hardness of preemptive mean flow-time scheduling for parallel machines},
  author={Bellenguez-Morineau, Odile and Chrobak, Marek and D{\"u}rr, Christoph and Prot, Damien},
  journal={Journal of Scheduling},
  volume={18},
  pages={299--304},
  year={2015}
}

@article{legrand2008minimizing,
  title={Minimizing the stretch when scheduling flows of divisible requests},
  author={Legrand, Arnaud and Su, Alan and Vivien, Fr{\'e}d{\'e}ric},
  journal={Journal of Scheduling},
  volume={11},
  number={5},
  pages={381--404},
  year={2008}
}

@article{chekuri2001approximation,
  title={Approximation techniques for average completion time scheduling},
  author={Chekuri, Chandra and Motwani, Rajeev and Natarajan, Balas and Stein, Clifford},
  journal={SIAM Journal on Computing},
  volume={31},
  number={1},
  pages={146--166},
  year={2001}
}

@inproceedings{schulz1997scheduling,
  title={Scheduling-LPs bear probabilities randomized approximations for min-sum criteria},
  author={Schulz, Andreas S and Skutella, Martin},
  booktitle={European Symposium on Algorithms},
  pages={416--429},
  year={1997}
}

@inproceedings{kellerer1996approximability,
  title={Approximability and nonapproximability results for minimizing total flow time on a single machine},
  author={Kellerer, Hans and Tautenhahn, Thomas and Woeginger, Gerhard J},
  booktitle={Proceedings of the twenty-eighth annual ACM symposium on Theory of Computing},
  pages={418--426},
  year={1996}
}

@inproceedings{leonardi1997approximating,
  title={Approximating total flow time on parallel machines},
  author={Leonardi, Stefano and Raz, Danny},
  booktitle={Proceedings of the twenty-ninth annual ACM symposium on Theory of computing},
  pages={110--119},
  year={1997}
}

@article{motwani1994nonclairvoyant,
  title={Nonclairvoyant scheduling},
  author={Motwani, Rajeev and Phillips, Steven and Torng, Eric},
  journal={Theoretical computer science},
  volume={130},
  number={1},
  pages={17--47},
  year={1994}
}

@article{im2023non,
  title={Non-clairvoyant scheduling with predictions},
  author={Im, Sungjin and Kumar, Ravi and Qaem, Mahshid Montazer and Purohit, Manish},
  journal={ACM Transactions on Parallel Computing},
  volume={10},
  number={4},
  pages={1--26},
  year={2023}
}

@article{becchetti2004nonclairvoyant,
  title={Nonclairvoyant scheduling to minimize the total flow time on single and parallel machines},
  author={Becchetti, Luca and Leonardi, Stefano},
  journal={Journal of the ACM (JACM)},
  volume={51},
  number={4},
  pages={517--539},
  year={2004}
}

@article{kalyanasundaram2003minimizing,
  title={Minimizing flow time nonclairvoyantly},
  author={Kalyanasundaram, Bala and Pruhs, Kirk R},
  journal={Journal of the ACM (JACM)},
  volume={50},
  number={4},
  pages={551--567},
  year={2003}
}

@inproceedings{zhao2022brief,
  title={Brief announcement: Towards a more robust algorithm for flow time scheduling with predictions},
  author={Zhao, Tianming and Li, Chunhao and Li, Wei and Zomaya, Albert Y},
  booktitle={Proceedings of the 34th ACM Symposium on Parallelism in Algorithms and Architectures},
  pages={385--388},
  year={2022}
}

@book{conway1967theory,
  title={Theory of Scheduling},
  author={Conway, Richard W and Maxwell, William L and Miller, Louis W},
  journal={Addison Wesley},
  year={1967}
}
